<?xml version='1.0' encoding='UTF-8'?>
<record xmlns='info:lc/xmlns/marcxchange-v1' xmlns:xsi='http://www.w3.org/2001/XMLSchema-instance' xsi:schemaLocation='info:lc/xmlns/marcxchange-v1 http://www.loc.gov/standards/iso25577/marcxchange-1-1.xsd'>
    <leader>00000n    2200000   4500</leader>
    <datafield ind1='0' ind2='0' tag='001'>
        <subfield code='a'>47314933</subfield>
        <subfield code='b'>870970</subfield>
        <subfield code='c'>20191108095137</subfield>
        <subfield code='d'>20191029</subfield>
        <subfield code='f'>a</subfield>
    </datafield>
    <datafield ind1='0' ind2='0' tag='004'>
        <subfield code='r'>n</subfield>
        <subfield code='a'>e</subfield>
    </datafield>
    <datafield ind1='0' ind2='0' tag='008'>
        <subfield code='t'>m</subfield>
        <subfield code='u'>f</subfield>
        <subfield code='a'>2019</subfield>
        <subfield code='b'>dk</subfield>
        <subfield code='d'>y</subfield>
        <subfield code='l'>per</subfield>
        <subfield code='n'>a</subfield>
        <subfield code='x'>06</subfield>
        <subfield code='w'>1</subfield>
        <subfield code='v'>0</subfield>
    </datafield>
    <datafield ind1='0' ind2='0' tag='009'>
        <subfield code='a'>a</subfield>
        <subfield code='g'>xe</subfield>
    </datafield>
    <datafield ind1='0' ind2='0' tag='021'>
        <subfield code='e'>9788793926158</subfield>
    </datafield>
    <datafield ind1='0' ind2='0' tag='032'>
        <subfield code='x'>ACC201944</subfield>
        <subfield code='a'>DBF201948</subfield>
    </datafield>
    <datafield ind1='0' ind2='0' tag='100'>
        <subfield code='5'>870979</subfield>
        <subfield code='6'>47230004</subfield>
        <subfield code='4'>aut</subfield>
    </datafield>
    <datafield ind1='0' ind2='0' tag='245'>
        <subfield code='a'>Stoning</subfield>
    </datafield>
    <datafield ind1='0' ind2='0' tag='260'>
        <subfield code='b'>Avaye Buf</subfield>
        <subfield code='c'>2019</subfield>
    </datafield>
    <datafield ind1='0' ind2='0' tag='501'>
        <subfield code='b'>Rekvireres p책 udgivelsestidspunktet fra e-mailadresse: avaye.buf@gmail.com</subfield>
    </datafield>
    <datafield ind1='0' ind2='0' tag='508'>
        <subfield code='a'>Persisk skrift</subfield>
    </datafield>
    <datafield ind1='0' ind2='0' tag='512'>
        <subfield code='a'>Ogs책 med titel p책 persisk</subfield>
    </datafield>
    <datafield ind1='0' ind2='0' tag='512'>
        <subfield code='i'>Kolofontitel</subfield>
        <subfield code='t'>Sangsar (stoning)</subfield>
    </datafield>
    <datafield ind1='0' ind2='0' tag='652'>
        <subfield code='m'>29.7</subfield>
    </datafield>
    <datafield ind1='0' ind2='0' tag='720'>
        <subfield code='o'>Houriyeh Gharehdaghi</subfield>
        <subfield code='4'>ill</subfield>
    </datafield>
    <datafield ind1='0' ind2='0' tag='856'>
        <subfield code='z'>Adgangsm책de: Internet</subfield>
        <subfield code='u'>https://avayebuf.files.wordpress.com/2017/02/stoning-sangsar-.pdf</subfield>
        <subfield code='y'>PDF-format</subfield>
    </datafield>
    <datafield ind1='0' ind2='0' tag='996'>
        <subfield code='a'>DBC</subfield>
    </datafield>
</record>